
@inproceedings{visualloss,
	title={Visualizing the Loss Landscape of Neural Nets},
	author={Li, Hao and Xu, Zheng and Taylor, Gavin and Studer, Christoph and Goldstein, Tom},
	booktitle={Neural Information Processing Systems},
	year={2018}
}

@misc{arpack,
	title={{ARPACK USERS GUIDE}: Solution of Large Scale Eigenvalue Problems by Implicitly Restarted Arnoldi Methods},
	author={R. B. Lehoucq, D. C. Sorensen, and C. Yang},
	year={1998},
	url={https://www.caam.rice.edu/software/ARPACK/UG/node1.html#SECTION00100000000000000000}
}


